<record><leader>00000cas a22000007a 4500</leader><controlfield tag="001">21259847</controlfield><controlfield tag="008">900323d19211927couwr ne      0    0eng d</controlfield><datafield ind1=" " ind2=" " tag="010"><subfield code="a">sn 90051168 </subfield></datafield><datafield ind1=" " ind2=" " tag="040"><subfield code="a">CNQ</subfield><subfield code="b">eng</subfield><subfield code="c">CNQ</subfield><subfield code="d">OCLCQ</subfield></datafield><datafield ind1=" " ind2=" " tag="042"><subfield code="a">msc</subfield></datafield><datafield ind1="0" ind2=" " tag="130"><subfield code="a">Phillips County herald (Holyoke, Colo. : 1921)</subfield></datafield><datafield ind1="1" ind2="0" tag="245"><subfield code="a">Phillips County herald.</subfield></datafield><datafield ind1=" " ind2=" " tag="260"><subfield code="a">Holyoke, Colo. :</subfield><subfield code="b">J.C. McCreary</subfield></datafield><datafield ind1=" " ind2=" " tag="300"><subfield code="a">v.</subfield></datafield><datafield ind1=" " ind2=" " tag="310"><subfield code="a">Weekly</subfield></datafield><datafield ind1="0" ind2=" " tag="362"><subfield code="a">Vol. 35, no. 51 (Nov. 4, 1921)-v. 40, no. 28 (Mar. 31, 1927).</subfield></datafield><datafield ind1=" " ind2=" " tag="530"><subfield code="a">Available on microfilm from the Colorado Historical Society.</subfield></datafield><datafield ind1=" " ind2=" " tag="752"><subfield code="a">United States</subfield><subfield code="b">Colorado</subfield><subfield code="c">Phillips</subfield><subfield code="d">Holyoke.</subfield></datafield><datafield ind1="0" ind2="0" tag="780"><subfield code="t">State herald (Holyoke, Colo. : 1887)</subfield><subfield code="w">(DLC)sn 90051167</subfield></datafield><datafield ind1="0" ind2="4" tag="785"><subfield code="t">Holyoke enterprise</subfield><subfield code="w">(DLC)sn 87090094</subfield></datafield></record>